@article{example2024,
    author  = {Author, A. and Author, B.},
    title   = {Example Article Title},
    journal = {Journal Name},
    year    = {2024},
    volume  = {1},
    number  = {1},
    pages   = {1--10}
}

@book{examplebook2023,
    author    = {Author, C.},
    title     = {Example Book Title},
    publisher = {Publisher Name},
    year      = {2023},
    address   = {City, Country}
} 