@article{wang2024use,
  title={On the use of deep learning for phase recovery},
  author={Wang, Kaiqiang and Song, Li and Wang, Chutian and Ren, Zhenbo and Zhao, Guangyuan and Dou, Jiazhen and Di, Jianglei and Barbastathis, George and Zhou, Renjie and Zhao, Jianlin and others},
  journal={Light: Science \& Applications},
  volume={13},
  number={1},
  pages={4},
  year={2024},
  publisher={Nature Publishing Group UK London}
}